@inproceedings{muller2003particle,
  title={Particle-based fluid simulation for interactive applications},
  author={M{\"u}ller, Matthias and Charypar, David and Gross, Markus},
  booktitle={Proceedings of the 2003 ACM SIGGRAPH/Eurographics symposium on Computer animation},
  pages={154--159},
  year={2003},
  organization={Citeseer}
}

@article{green2010particle,
  title={Particle simulation using cuda},
  author={Green, Simon},
  journal={NVIDIA whitepaper},
  volume={6},
  pages={121--128},
  year={2010}
}

@article{lucy1977numerical,
  title={A numerical approach to the testing of the fission hypothesis},
  author={Lucy, Leon B},
  journal={Astronomical Journal, vol. 82, Dec. 1977, p. 1013-1024.},
  volume={82},
  pages={1013--1024},
  year={1977}
}